@misc{cancerorg,
    title = {How Common is Breast Cancer?},
    author = {{American Cancer Society}},
    howpublished = {\url{https://www.cancer.org/cancer/types/breast-cancer/about/how-common-is-breast-cancer.html}},
    note = {Accessed: [19/06/2024]}
}

@misc{cancergov,
    title = {BRCA Mutations: Cancer Risk and Genetic Testing},
    author = {{National Cancer Institute}},
    howpublished = {\url{https://www.cancer.gov/about-cancer/causes-prevention/genetics/brca-fact-sheet#:~:text=While%20the%20prevalence%20in%20the,specific%20variants%2C%20called%20founder%20mutations.}},
    note = {Accessed: [19/06/2024]}
}

@misc{eurostat,
    title = {Eurostat News Release},
    author = {{European Commission}},
    howpublished = {\url{https://ec.europa.eu/eurostat/web/products-eurostat-news/-/ddn-20210721-2}},
    note = {Accessed: [19/06/2024]}
}

@misc{eucommission,
    title = {Press Release: European Commission},
    author = {{European Commission}},
    howpublished = {\url{https://ec.europa.eu/commission/presscorner/detail/en/ip_22_5573}},
    note = {Accessed: [19/06/2024]}
}

@misc{eurostat2,
    title = {Nutritional Habits Statistics},
    author = {{Eurostat}},
    howpublished = {\url{https://ec.europa.eu/eurostat/statistics-explained/index.php?title=Nutritional_habits_statistics#Consumption_of_fruit_and_vegetables}},
    note = {Accessed: [19/06/2024]}
}
@misc{komen,
    title = {Body Weight and Breast Cancer Risk},
    author = {{Susan G. Komen}},
    howpublished = {\url{https://www.komen.org/breast-cancer/risk-factor/weight/#:~:text=Body%20weight%20and%20breast%20cancer%20risk%20after%20menopause,weight%20throughout%20life%20%5B27%5D.}},
    note = {Accessed: [19/06/2024]}
}

@article{surakasula2014comparative,
  title={A comparative study of pre-and post-menopausal breast cancer: Risk factors, presentation, characteristics and management},
  author={Surakasula, Aruna and Nagarjunapu, Govardhana Chary and Raghavaiah, KV},
  journal={Journal of research in pharmacy practice},
  volume={3},
  number={1},
  pages={12--18},
  year={2014},
  publisher={Medknow}
}
@misc{brca1,
    title = {BRCA1},
    author = {{Wikipedia}},
    howpublished = {\url{https://en.wikipedia.org/wiki/BRCA1}},
    note = {Accessed: [21/06/2024]}
}

@article{agurs2019many,
  title={The many faces of obesity and its influence on breast cancer risk},
  author={Agurs-Collins, Tanya and Ross, Sharon A and Dunn, Barbara K},
  journal={Frontiers in oncology},
  volume={9},
  pages={765},
  year={2019},
  publisher={Frontiers Media SA}
}
@misc{ourworldindata,
    title = {Female Population by Age Group},
    author = {{Our World in Data}},
    howpublished = {\url{https://ourworldindata.org/grapher/female-population-by-age-group}},
    note = {Accessed: [23/06/2024]}
}

@article{garcia2021obesity,
  title={Obesity and breast cancer: a paradoxical and controversial relationship influenced by menopausal status},
  author={Garc{\'\i}a-Est{\'e}vez, Laura and Cort{\'e}s, Javier and P{\'e}rez, Silvia and Calvo, Isabel and Gallegos, Isabel and Moreno-Bueno, Gema},
  journal={Frontiers in oncology},
  volume={11},
  pages={705911},
  year={2021},
  publisher={Frontiers Media SA}
}